<?xml version="1.0" encoding="utf-8"?>
<record xmlns="http://www.loc.gov/MARC21/slim" xmlns:xsi="http://www.w3.org/2001/XMLSchema-instance" xsi:schemaLocation="http://www.loc.gov/MARC21/slim http://www.loc.gov/standards/marcxml/schema/MARC21slim.xsd">
	<leader>     nam a22     Mi 4500</leader>
	<controlfield tag="001">b14376325</controlfield>
	<controlfield tag="003">UaCaAUL</controlfield>
	<controlfield tag="006">m        d        </controlfield>
	<controlfield tag="007">cr cn |||m|||a</controlfield>
	<controlfield tag="008">190222s1952    ua      o     000 0 ara d</controlfield>
	<datafield ind1=" " ind2=" " tag="040">
		<subfield code="a">ZYU</subfield>
		<subfield code="b">ara</subfield>
		<subfield code="e">rda</subfield>
		<subfield code="c">ZYU</subfield>
	</datafield>
	<datafield ind1=" " ind2="4" tag="050">
		<subfield code="a">BP135.A2</subfield>
		<subfield code="b">S33 1952</subfield>
	</datafield>
	<datafield ind1="1" ind2=" " tag="100">
		<subfield code="6">880-01</subfield>
		<subfield code="a">Sāʻātī, Aḥmad ʻAbd al-Raḥmān al-Bannā.</subfield>
	</datafield>
	<datafield ind1="1" ind2="0" tag="245">
		<subfield code="6">880-02</subfield>
		<subfield code="a">Minḥat al-maʻbūd fī tartīb masnad al-Ṭayālisī Abī Dāwūd, mudhayyalan bi-al-taʻlīq al-maḥmūd ʻalá Minḥat al-maʻbūd /</subfield>
		<subfield code="c">kilāhumā taʼlīf al-ʻabd al-khāḍiʻ li-mawlāh afqar al-ʻibād wa-aḥwajahum ilá Allāh Aḥmad ʻAbd al-Raḥmān al-Bannā al-shahīr bi-al-Sāʻātī ṣāḥib kitāb al-fatḥ al-rabbānī wa-khādim al-sunnah al-sanīyah bi-minṭaqat al-rassām raqam 5 bi-shāriʻ al-Muʻiz li-Dīn Allāh bi-Miṣr.</subfield>
	</datafield>
	<datafield ind1=" " ind2=" " tag="250">
		<subfield code="6">880-03</subfield>
		<subfield code="a">al-Ṭabʻah al-ūlá.</subfield>
	</datafield>
	<datafield ind1=" " ind2="1" tag="264">
		<subfield code="6">880-04</subfield>
		<subfield code="a">[Cairo] :</subfield>
		<subfield code="b">al-Maṭbaʻah al-Munīrīyah bi-al-Azʹhar,</subfield>
		<subfield code="c">1372 H [1952 or 1953 M]</subfield>
	</datafield>
	<datafield ind1=" " ind2=" " tag="300">
		<subfield code="a">online resource (2 volumes in 1)</subfield>
	</datafield>
	<datafield ind1=" " ind2=" " tag="336">
		<subfield code="a">text</subfield>
		<subfield code="2">rdacontent</subfield>
	</datafield>
	<datafield ind1=" " ind2=" " tag="337">
		<subfield code="a">computer</subfield>
		<subfield code="2">rdamedia</subfield>
	</datafield>
	<datafield ind1=" " ind2=" " tag="338">
		<subfield code="a">online resource</subfield>
		<subfield code="2">rdacarrier</subfield>
	</datafield>
	<datafield ind1=" " ind2=" " tag="500">
		<subfield code="6">880-05</subfield>
		<subfield code="a">Ṭubiʻ ʻalá nafaqat al-muʼallif wa-taṣḥīḥahu wa-ḥuqūq al-ṭabʻ maḥfūẓah lahu.</subfield>
	</datafield>
	<datafield ind1=" " ind2=" " tag="500">
		<subfield code="a">Includes errata.</subfield>
	</datafield>
	<datafield ind1=" " ind2=" " tag="500">
		<subfield code="a">Part of the Arabic Collections Online (ACO) project, contributed by American University in Cairo Library.</subfield>
	</datafield>
	<datafield ind1=" " ind2=" " tag="533">
		<subfield code="a">Electronic reproduction.</subfield>
		<subfield code="b">New York, N.Y. :</subfield>
		<subfield code="c">New York University,</subfield>
		<subfield code="d">2019.</subfield>
		<subfield code="5">NNU</subfield>
	</datafield>
	<datafield ind1=" " ind2="0" tag="650">
		<subfield code="a">Hadith</subfield>
		<subfield code="x">Authorities</subfield>
		<subfield code="v">Early works to 1800.</subfield>
	</datafield>
	<datafield ind1=" " ind2="0" tag="650">
		<subfield code="a">Hadith</subfield>
		<subfield code="x">Criticism, interpretation, etc.</subfield>
		<subfield code="v">Early works to 1800.</subfield>
	</datafield>
	<datafield ind1=" " ind2="0" tag="650">
		<subfield code="a">Hadith scholars</subfield>
		<subfield code="v">Early works to 1800.</subfield>
	</datafield>
	<datafield ind1=" " ind2="7" tag="650">
		<subfield code="a">Hadith.</subfield>
		<subfield code="2">fast</subfield>
		<subfield code="0">(OCoLC)fst00950112</subfield>
	</datafield>
	<datafield ind1=" " ind2="7" tag="650">
		<subfield code="a">Hadith</subfield>
		<subfield code="x">Authorities.</subfield>
		<subfield code="2">fast</subfield>
		<subfield code="0">(OCoLC)fst00950115</subfield>
	</datafield>
	<datafield ind1=" " ind2="7" tag="650">
		<subfield code="a">Hadith scholars.</subfield>
		<subfield code="2">fast</subfield>
		<subfield code="0">(OCoLC)fst00950141</subfield>
	</datafield>
	<datafield ind1=" " ind2="7" tag="655">
		<subfield code="a">Criticism, interpretation, etc.</subfield>
		<subfield code="2">fast</subfield>
		<subfield code="0">(OCoLC)fst01411635</subfield>
	</datafield>
	<datafield ind1=" " ind2="7" tag="655">
		<subfield code="a">Early works.</subfield>
		<subfield code="2">fast</subfield>
		<subfield code="0">(OCoLC)fst01411636</subfield>
	</datafield>
	<datafield ind1="2" ind2=" " tag="710">
		<subfield code="a">American University in Cairo.</subfield>
		<subfield code="b">Library.</subfield>
	</datafield>
	<datafield ind1="0" ind2=" " tag="730">
		<subfield code="a">Arabic Collections Online.</subfield>
	</datafield>
	<datafield ind1="0" ind2="8" tag="776">
		<subfield code="i">Print version:</subfield>
		<subfield code="a">Sāʻātī, Aḥmad ʻAbd al-Raḥmān al-Bannā.</subfield>
		<subfield code="t">Minḥat al-maʻbūd fī tartīb masnad al-Ṭayālisī Abī Dāwūd, mudhayyalan bi-al-taʻlīq al-maḥmūd ʻalá Minḥat al-maʻbūd</subfield>
		<subfield code="w">(UaCaAUL)b14376325</subfield>
		<subfield code="w">(OCoLC)29067702</subfield>
	</datafield>
	<datafield ind1="4" ind2="0" tag="856">
		<subfield code="u">http://hdl.handle.net/2333.1/h70rz4g2</subfield>
	</datafield>
	<datafield ind1="1" ind2=" " tag="880">
		<subfield code="6">100-01</subfield>
		<subfield code="a">ساعاتي، أحمد عبد الرحمن البنا.</subfield>
	</datafield>
	<datafield ind1="1" ind2="0" tag="880">
		<subfield code="6">245-02</subfield>
		<subfield code="a">منحة المعبود في ترتيب مسند الطيالسي أبي داود، مذيلا بالتعليق المحمود على منحة المعبود /</subfield>
		<subfield code="c">كلاهما تأليف العبد الخاضع لمولاه أفقر العباد وأحوجهم إلى الله أحمد عبد الرحمن البنا الشهير بالساعاتي صاحب كتاب الفتح الرباني وخادم السنة السنية بمنطقة الرسام رقم 5 بشارع المعز لدين الله بمصر.</subfield>
	</datafield>
	<datafield ind1=" " ind2=" " tag="880">
		<subfield code="6">250-03</subfield>
		<subfield code="a">الطبعة الأولى.</subfield>
	</datafield>
	<datafield ind1=" " ind2="1" tag="880">
		<subfield code="6">264-04</subfield>
		<subfield code="a">[Cairo] :</subfield>
		<subfield code="b">المطبعة المنيرية بالأزهر،</subfield>
		<subfield code="c">1372 ه [1952 أو 1953 م]</subfield>
	</datafield>
	<datafield ind1=" " ind2=" " tag="880">
		<subfield code="6">500-05</subfield>
		<subfield code="a">طبع على نفقة المؤلف وتصحيحه وحقوق الطبع محفوظة له.</subfield>
	</datafield>
	<datafield ind1=" " ind2=" " tag="959">
		<subfield code="a">NNU</subfield>
		<subfield code="b">WEB</subfield>
		<subfield code="c">GENI</subfield>
		<subfield code="t">0</subfield>
		<subfield code="m">Electronic access</subfield>
		<subfield code="s">01</subfield>
	</datafield>
	<datafield ind1=" " ind2=" " tag="999">
		<subfield code="i">UaCaAUL_b14376325</subfield>
		<subfield code="o">(OCoLC)ocm29067702 </subfield>
		<subfield code="s">auc_aco000263:2 v. in 1</subfield>
	</datafield>
</record>
